@online{athena,
    author = {Stone, J. and Gardiner, T. and Teuben, P. and others},
    title = {Athena},
    year = {2008},
    url = {https://trac.princeton.edu/Athena/}
}

@online{zeus,
    author = {Norman, M. and Wilson, J. and others},
    title = {Zeus},
    year = {1992},
    url = {http://www.astro.princeton.edu/~jstone/zeus.html}
}

@online{ramses,
    author = {Kestener, P. and others},
    title = {RAMSES-GPU},
    year = {1992},
    url = {http://www.maisondelasimulation.fr/projects/RAMSES-GPU/html/}
}
